<?xml version="1.0" encoding="utf-8"?>
<record xmlns="http://www.loc.gov/MARC21/slim" xmlns:xsi="http://www.w3.org/2001/XMLSchema-instance" xsi:schemaLocation="http://www.loc.gov/MARC21/slim http://www.loc.gov/standards/marcxml/schema/MARC21slim.xsd">
	<leader>     nam a22     Mi 4500</leader>
	<controlfield tag="001">461624</controlfield>
	<controlfield tag="003">NjP</controlfield>
	<controlfield tag="006">m        d        </controlfield>
	<controlfield tag="007">cr cn |||m|||a</controlfield>
	<controlfield tag="008">190222m19759999ir      ob    000 0dara d</controlfield>
	<datafield ind1=" " ind2=" " tag="040">
		<subfield code="a">ZYU</subfield>
		<subfield code="b">ara</subfield>
		<subfield code="e">rda</subfield>
		<subfield code="c">ZYU</subfield>
	</datafield>
	<datafield ind1=" " ind2="4" tag="050">
		<subfield code="a">BP193.28.B8783</subfield>
		<subfield code="b">T3 1975</subfield>
	</datafield>
	<datafield ind1="1" ind2=" " tag="100">
		<subfield code="6">880-01</subfield>
		<subfield code="a">Tabrīzī, ʻAlī al-ʻAlyārī,</subfield>
		<subfield code="d">1821-1909.</subfield>
	</datafield>
	<datafield ind1="1" ind2="0" tag="240">
		<subfield code="6">880-02</subfield>
		<subfield code="a">Bahjat al-āmāl fī sharḥ Zubdat al-maqāl</subfield>
	</datafield>
	<datafield ind1="1" ind2="0" tag="245">
		<subfield code="6">880-03</subfield>
		<subfield code="a">Hadhā kitāb Bahjat al-āmāl fī sharḥ Zubdat al-maqāl /</subfield>
		<subfield code="c">lil-ʻallāmah ʻAlī al-ʻAlyārī al-Tabrīzī. Maʻa risālat Ghāyat al-āmāl fī tarjamat ṣāḥib Bahjat al-āmāl / lil-ʻallāmah Shihāb al-Dīn al-Ḥusaynī al-Marʻashī al-Najafī.</subfield>
	</datafield>
	<datafield ind1="3" ind2=" " tag="246">
		<subfield code="6">880-04</subfield>
		<subfield code="a">Ghāyat al-āmāl fī tarjamat ṣāḥib Bahjat al-āmāl</subfield>
	</datafield>
	<datafield ind1="3" ind2=" " tag="246">
		<subfield code="6">880-05</subfield>
		<subfield code="a">Bahjat al-āmāl fī sharḥ Zubdat al-maqāl</subfield>
	</datafield>
	<datafield ind1=" " ind2=" " tag="260">
		<subfield code="6">880-06</subfield>
		<subfield code="a">Ṭihrān :</subfield>
		<subfield code="b">Bunyād-i Farhang-i Islāmī-i Ḥājj Muḥammad Ḥusayn Kūshānʹpūr,</subfield>
		<subfield code="c">[1395]- [1975-]</subfield>
	</datafield>
	<datafield ind1=" " ind2=" " tag="300">
		<subfield code="a">online resource (volumes)</subfield>
	</datafield>
	<datafield ind1=" " ind2=" " tag="336">
		<subfield code="a">text</subfield>
		<subfield code="2">rdacontent</subfield>
	</datafield>
	<datafield ind1=" " ind2=" " tag="337">
		<subfield code="a">computer</subfield>
		<subfield code="2">rdamedia</subfield>
	</datafield>
	<datafield ind1=" " ind2=" " tag="338">
		<subfield code="a">online resource</subfield>
		<subfield code="2">rdacarrier</subfield>
	</datafield>
	<datafield ind1=" " ind2=" " tag="500">
		<subfield code="a">Title page partially vocalized.</subfield>
	</datafield>
	<datafield ind1=" " ind2=" " tag="500">
		<subfield code="a">Vols. 2-5 edited by: Hidāyat Allāh al-Mustarḥamī al-Jarqūʼī al-Iṣbahānī.</subfield>
	</datafield>
	<datafield ind1=" " ind2=" " tag="500">
		<subfield code="a">Part of the Arabic Collections Online (ACO) project, contributed by Princeton University Libraries.</subfield>
	</datafield>
	<datafield ind1=" " ind2=" " tag="504">
		<subfield code="a">Includes bibliographical references.</subfield>
	</datafield>
	<datafield ind1=" " ind2=" " tag="533">
		<subfield code="a">Electronic reproduction.</subfield>
		<subfield code="b">New York, N.Y. :</subfield>
		<subfield code="c">New York University,</subfield>
		<subfield code="d">2019.</subfield>
		<subfield code="5">NNU</subfield>
	</datafield>
	<datafield ind1="1" ind2="0" tag="600">
		<subfield code="a">Burūjirdī, Ḥusayn ibn Riḍā,</subfield>
		<subfield code="d">1823-1860?</subfield>
		<subfield code="t">Nukhabat al-maqāl fī ʻilm al-rijāl.</subfield>
	</datafield>
	<datafield ind1=" " ind2="0" tag="650">
		<subfield code="a">Shiites</subfield>
		<subfield code="v">Biography.</subfield>
	</datafield>
	<datafield ind1=" " ind2="7" tag="650">
		<subfield code="a">Shiites.</subfield>
		<subfield code="2">fast</subfield>
		<subfield code="0">(OCoLC)fst01115976</subfield>
	</datafield>
	<datafield ind1=" " ind2="7" tag="655">
		<subfield code="a">Biography.</subfield>
		<subfield code="2">fast</subfield>
		<subfield code="0">(OCoLC)fst01423686</subfield>
	</datafield>
	<datafield ind1="1" ind2=" " tag="700">
		<subfield code="6">880-07</subfield>
		<subfield code="a">Mustarḥamī al-Jarqūʼī al-Iṣbahānī, Hidāyat Allāh. </subfield>
	</datafield>
	<datafield ind1="1" ind2=" " tag="700">
		<subfield code="6">880-08</subfield>
		<subfield code="a">Marʻashī Najafī, Shihāb al-Dīn.</subfield>
		<subfield code="t">Ghāyat al-āmāl fī tarjamat ṣāḥib Bahjat al-āmāl.</subfield>
	</datafield>
	<datafield ind1="2" ind2=" " tag="710">
		<subfield code="a">Princeton University.</subfield>
		<subfield code="b">Library.</subfield>
	</datafield>
	<datafield ind1="0" ind2=" " tag="730">
		<subfield code="a">Arabic Collections Online.</subfield>
	</datafield>
	<datafield ind1="0" ind2="8" tag="776">
		<subfield code="i">Print version:</subfield>
		<subfield code="a">Tabrīzī, ʻAlī al-ʻAlyārī, 1821-1909.</subfield>
		<subfield code="t">Hadhā kitāb Bahjat al-āmāl fī sharḥ Zubdat al-maqāl</subfield>
		<subfield code="w">(NjP)461624</subfield>
		<subfield code="w">(OCoLC)28751510</subfield>
	</datafield>
	<datafield ind1="4" ind2="0" tag="856">
		<subfield code="u">http://hdl.handle.net/2333.1/3ffbgg7q</subfield>
	</datafield>
	<datafield ind1="1" ind2=" " tag="880">
		<subfield code="6">100-01</subfield>
		<subfield code="a">تبريزي، علي العلياري،</subfield>
		<subfield code="d">1821-1909.</subfield>
	</datafield>
	<datafield ind1="1" ind2="0" tag="880">
		<subfield code="6">240-02</subfield>
		<subfield code="a">بهجة الامال في شرح زبدة المقال</subfield>
	</datafield>
	<datafield ind1="1" ind2="0" tag="880">
		<subfield code="6">245-03</subfield>
		<subfield code="a">هذا كتاب بهجة الامال في شرح زبدة المقال /</subfield>
		<subfield code="c">للعلامة علي العلياري التبريزي. مع رسالة غاية الامال في ترجمة صاحب بهجة الامال / للعلامة شهاب الدين الحسيني المرعشي النجفي.</subfield>
	</datafield>
	<datafield ind1="3" ind2=" " tag="880">
		<subfield code="6">246-04</subfield>
		<subfield code="a">غاية الامال في ترجمة صاحب بهجة الامال</subfield>
	</datafield>
	<datafield ind1="3" ind2=" " tag="880">
		<subfield code="6">246-05</subfield>
		<subfield code="a">بهجة الامال في شرح زبدة المقال</subfield>
	</datafield>
	<datafield ind1=" " ind2=" " tag="880">
		<subfield code="6">260-06</subfield>
		<subfield code="a">طهران :</subfield>
		<subfield code="b">بنىاد فرهنگ اسلامى حاج محمد حسىن کوشان‌ور،</subfield>
		<subfield code="c">[1395]- [1975-]</subfield>
	</datafield>
	<datafield ind1="1" ind2=" " tag="880">
		<subfield code="6">700-07</subfield>
		<subfield code="a">مسترحمي الجرقوئي الاصبهاني، هداية الله. </subfield>
	</datafield>
	<datafield ind1="1" ind2=" " tag="880">
		<subfield code="6">700-08</subfield>
		<subfield code="a">مرعشي نجفي، شهاب الدين.</subfield>
		<subfield code="t">غاية الامال في ترجمة صاحب بهجة الامال.</subfield>
	</datafield>
	<datafield ind1=" " ind2=" " tag="959">
		<subfield code="a">NNU</subfield>
		<subfield code="b">WEB</subfield>
		<subfield code="c">GENI</subfield>
		<subfield code="t">0</subfield>
		<subfield code="m">Electronic access</subfield>
		<subfield code="s">01</subfield>
	</datafield>
	<datafield ind1=" " ind2=" " tag="999">
		<subfield code="i">NjP_461624</subfield>
		<subfield code="o">(OCoLC)ocm28751510</subfield>
		<subfield code="s">princeton_aco001442:juz 5</subfield>
		<subfield code="s">princeton_aco001366</subfield>
		<subfield code="s">princeton_aco001379</subfield>
		<subfield code="s">princeton_aco001380</subfield>
		<subfield code="s">princeton_aco001383</subfield>
		<subfield code="s">princeton_aco001391</subfield>
		<subfield code="s">princeton_aco001393</subfield>
		<subfield code="e">(ERROR-880)</subfield>
		<subfield code="s">princeton_aco001442:juz 5</subfield>
		<subfield code="s">princeton_aco001366</subfield>
		<subfield code="s">princeton_aco001379</subfield>
		<subfield code="s">princeton_aco001380</subfield>
		<subfield code="s">princeton_aco001383</subfield>
		<subfield code="s">princeton_aco001391</subfield>
		<subfield code="s">princeton_aco001393</subfield>
	</datafield>
</record>
